<?xml version="1.0" encoding="UTF-8"?><record xmlns="http://www.loc.gov/MARC21/slim" xmlns:cinclude="http://apache.org/cocoon/include/1.0" xmlns:zs="http://www.loc.gov/zing/srw/">
  <leader>01114nz  a2200157n  4500</leader>
  <controlfield tag="001">no2014138745</controlfield>
  <controlfield tag="003">DLC</controlfield>
  <controlfield tag="005">20141021073623.0</controlfield>
  <controlfield tag="008">141020n| azannaabn          |a ana     c</controlfield>
  <datafield tag="010" ind1=" " ind2=" ">
    <subfield code="a">no2014138745</subfield>
  </datafield>
  <datafield tag="035" ind1=" " ind2=" ">
    <subfield code="a">(OCoLC)oca09993019</subfield>
  </datafield>
  <datafield tag="040" ind1=" " ind2=" ">
    <subfield code="a">NcD</subfield>
    <subfield code="b">eng</subfield>
    <subfield code="e">rda</subfield>
    <subfield code="c">NcD</subfield>
  </datafield>
  <datafield tag="110" ind1="2" ind2=" ">
    <subfield code="a">Hollywood Anti-Nazi League</subfield>
  </datafield>
  <datafield tag="510" ind1="2" ind2=" ">
    <subfield code="w">b</subfield>
    <subfield code="a">American Peace Mobilization</subfield>
  </datafield>
  <datafield tag="670" ind1=" " ind2=" ">
    <subfield code="a">Hollywood Now, Vol. III, no. 52 (January 5, 1940):</subfield>
    <subfield code="b">page 2 (published by the Hollywood Anti-Nazi League)</subfield>
  </datafield>
  <datafield tag="670" ind1=" " ind2=" ">
    <subfield code="a">Wikipedia website, viewed October 20, 2014:</subfield>
    <subfield code="b">Hollywood Anti-Nazi League page (The Hollywood Anti-Nazi League (later known as the American Peace Mobilization) was founded in Los Angeles in 1936 by Otto Katz and others to organize members of the American film industry to oppose fascism and Nazism. Although it was a communist front organization, run by the American popular front, it attracted broad support in Hollywood from both members and nonmembers of the Communist Party USA (CPUSA). Like many such communist front groups, it ceased all anti-Nazi activities immediately upon the signing of the Molotov-Ribbentrop Pact in August 1939)</subfield>
  </datafield>
</record>